% Encoding: UTF-8

@misc{Authors06,
 author = {Authors},
 title = {The frobnicatable foo filter},
 note = {ECCV06 submission ID 324. Supplied as additional material {\tt eccv06.pdf}},
 year = 2006
}

@misc{Authors06b,
 author = {Authors},
 title = {Frobnication tutorial},
 note = {Supplied as additional material {\tt tr.pdf}},
 year = 2006
}

@article{Alpher02,
author = {A. Alpher},
title = {Frobnication},
journal = {Journal of Foo},
volume = 12, 
number = 1, 
pages = {234--778}, 
year = 2002
}

@article{Alpher03,
author = {A. Alpher and J.~P.~N. Fotheringham-Smythe},
title = {Frobnication revisited},
journal = {Journal of Foo},
volume = 13, 
number = 1, 
pages = {234--778}, 
year = 2003
}

@article{Alpher04,
author = {A. Alpher and J.~P.~N. Fotheringham-Smythe and G. Gamow},
title = {Can a machine frobnicate?},
journal = {Journal of Foo},
volume = 14, 
number = 1, 
pages = {234--778}, 
year = 2004
}

@article{Mermin89,
author = {N. David Mermin},
title = {What's wrong with these equations?},
journal = {Physics Today},
year = 1989,
month = oct,
note = {\small\url{http://www.cvpr.org/doc/mermin.pdf}}
}

@Book{Hartley00,
  author       = "Hartley, R.~I. and Zisserman, A.",
  title        = "Multiple View Geometry in Computer Vision",
  year         = "2000",
  publisher    = "Cambridge University Press, ISBN: 0521623049",
}

@InProceedings{Claus05,
  author       = "Claus, D. and Fitzgibbon, A.~W.",
  title        = "A Rational Function Lens Distortion Model for General
                 Cameras",
  booktitle    = "Proc. CVPR",
  year         = "2005",
  pages        = "213--219",
}

@InProceedings{Zhang96,
  author =	 "Z. Zhang",
  title =	 "On the Epipolar Geometry Between Two Images With
                  Lens Distortion",
  booktitle =	 "Proc. ICPR",
  year =	 "1996",
  pages =	 "407--411",
}

@InProceedings{Fitzgibbon01,
  author       = "Fitzgibbon, A.~W.",
  title        = "Simultaneous Linear Estimation of Multiple View
                 Geometry and Lens Distortion",
  booktitle    = "Proc. CVPR",
  year         = "2001"
}

@article{Brown71,
author = {D.~C. Brown},
title = {Close-range camera calibration},
journal = {Photogrammetric Eng.},
volume = 37,
number = 8,
pages = {855--866}, 
year = 1971
}

@article{Devernay01,
author = {F. Devernay and O. Faugeras},
title = {Straight lines have to be straight},
journal = {MVA},
volume = 13,
pages = {14--24}, 
year = 2001
}

@article{Swaminathan00,
author = {R. Swaminathan and S. Nayar},
title = {Nonmetric calibration of wide-angle lenses and polycameras},
journal = {IEEE T-PAMI},
volume = 22,
number = 10,
pages = {1172--1178}, 
year = 2000
}

@InProceedings{Tsai86,
  author =	 "Tsai, Y.~R.",
  title =	 "An Efficient and Accurate Camera Calibration
                  Technique for {3D} Machine Vision",
  booktitle =	 "Proc. CVPR",
  year =	 "1986",
}

@Article{teed2020raft,
  author  = {Teed, Zachary and Deng, Jia},
  journal = {arXiv preprint arXiv:2003.12039},
  title   = {RAFT: Recurrent All-Pairs Field Transforms for Optical Flow},
  year    = {2020},
}

@Article{tran2021sslayout360,
	author  = {Tran, Phi Vu},
	journal = {arXiv preprint arXiv:2103.13696},
	title   = {SSLayout360: Semi-Supervised Indoor Layout Estimation from 360 Panorama},
	year    = {2021}
}
@Article{yang2021capturing,
	author  = {Yang, Kailun and Zhang, Jiaming and Rei{\ss}, Simon and Hu, Xinxin and Stiefelhagen, Rainer},
	journal = {arXiv preprint arXiv:2103.05687},
	title   = {Capturing Omni-Range Context for Omnidirectional Segmentation},
	year    = {2021}
}

@Article{wang2021led2,
	author  = {Wang, Fu-En and Yeh, Yu-Hsuan and Sun, Min and Chiu, Wei-Chen and Tsai, Yi-Hsuan},
	journal = {arXiv preprint arXiv:2104.00568},
	title   = {LED2-Net: Monocular 360 Layout Estimation via Differentiable Depth Rendering},
	year    = {2021},
}


@Article{xu2021layout,
	author  = {Xu, Jiale and Zheng, Jia and Xu, Yanyu and Tang, Rui and Gao, Shenghua},
	journal = {arXiv preprint arXiv:2103.17022},
	title   = {Layout-Guided Novel View Synthesis from a Single Indoor Panorama},
	year    = {2021}
}


@InProceedings{artizzu2021omniflownet,
	author    = {Artizzu, Charles-Olivier and Zhang, Haozhou and Allibert, Guillaume and Demonceaux, C{\'e}dric},
	booktitle = {25th International Conference on Pattern Recognition (ICPR)},
	title     = {OmniFlowNet: a Perspective Neural Network Adaptation for Optical Flow Estimation in Omnidirectional Images},
	year      = {2021}
}

@InProceedings{wang2020360sd,
	author       = {Wang, Ning-Hsu and Solarte, Bolivar and Tsai, Yi-Hsuan and Chiu, Wei-Chen and Sun, Min},
	booktitle    = {2020 IEEE International Conference on Robotics and Automation (ICRA)},
	title        = {360SD-Net: 360Â° Stereo Depth Estimation with Learnable Cost Volume},
	year         = {2020},
	organization = {IEEE},
	pages        = {582--588}
}

@Article{bhandari2020revisiting,
	author  = {Bhandari, Keshav and Zong, Ziliang and Yan, Yan},
	journal = {arXiv preprint arXiv:2010.08045},
	title   = {Revisiting Optical Flow Estimation in 360 Videos},
	year    = {2020}
}

@InProceedings{gkitsas2020deep,
	author    = {Gkitsas, Vasileios and Zioulis, Nikolaos and Alvarez, Federico and Zarpalas, Dimitrios and Daras, Petros},
	booktitle = {Proceedings of the IEEE/CVF Conference on Computer Vision and Pattern Recognition Workshops},
	title     = {Deep lighting environment map estimation from spherical panoramas},
	year      = {2020},
	pages     = {640--641}
}

@Article{luo2019hexagonal,
	author    = {Luo, Junren and Zhang, Wanpeng and Su, Jiongming and Xiang, Fengtao},
	journal   = {IEEE Access},
	title     = {Hexagonal Convolutional Neural Networks for Hexagonal Grids},
	year      = {2019},
	pages     = {142738--142749},
	volume    = {7},
	publisher = {IEEE},
}

@InProceedings{su2019kernel,
	author    = {Su, Yu-Chuan and Grauman, Kristen},
	booktitle = {Proceedings of the IEEE/CVF Conference on Computer Vision and Pattern Recognition},
	title     = {Kernel transformer networks for compact spherical convolution},
	year      = {2019},
	pages     = {9442--9451},
}

@InProceedings{zhang2019orientation,
	author    = {Zhang, Chao and Liwicki, Stephan and Smith, William and Cipolla, Roberto},
	booktitle = {Proceedings of the IEEE/CVF International Conference on Computer Vision},
	title     = {Orientation-aware semantic segmentation on icosahedron spheres},
	year      = {2019},
	pages     = {3533--3541}
}

@InProceedings{gkitsas2020deep,
	author    = {Gkitsas, Vasileios and Zioulis, Nikolaos and Alvarez, Federico and Zarpalas, Dimitrios and Daras, Petros},
	booktitle = {Proceedings of the IEEE/CVF Conference on Computer Vision and Pattern Recognition Workshops},
	title     = {Deep lighting environment map estimation from spherical panoramas},
	year      = {2020},
	pages     = {640--641},
}

@InProceedings{su2019kernel,
	author    = {Su, Yu-Chuan and Grauman, Kristen},
	booktitle = {Proceedings of the IEEE/CVF Conference on Computer Vision and Pattern Recognition},
	title     = {Kernel transformer networks for compact spherical convolution},
	year      = {2019},
	pages     = {9442--9451}
}

@InProceedings{cohen2018spherical,
	author    = {Cohen, Taco S and Geiger, Mario and K{\"o}hler, Jonas and Welling, Max},
	booktitle = {International Conference on Learning Representations},
	title     = {Spherical CNNs},
	year      = {2018},
}

@InProceedings{jiang2018spherical,
	author    = {Jiang, Chiyu Max and Huang, Jingwei and Kashinath, Karthik and Marcus, Philip and Niessner, Matthias and others},
	booktitle = {International Conference on Learning Representations},
	title     = {Spherical CNNs on Unstructured Grids},
	year      = {2018}
}

@InProceedings{lee2019spherephd,
	author    = {Lee, Yeonkun and Jeong, Jaeseok and Yun, Jongseob and Cho, Wonjune and Yoon, Kuk-Jin},
	booktitle = {Proceedings of the IEEE Conference on Computer Vision and Pattern Recognition},
	title     = {SpherePHD: Applying CNNs on a spherical polyhedron representation of 360deg images},
	year      = {2019},
	pages     = {9181--9189}
}

@Comment{jabref-meta: databaseType:bibtex;}
