

@article{eder2019mapped,
	title={Mapped Convolutions},
	author={Eder, Marc and Price, True and Vu, Thanh and Bapat, Akash and Frahm, Jan-Michael},
	journal={arXiv preprint arXiv:1906.11096},
	year={2019}
}


@inproceedings{coors2018spherenet,
	title={Spherenet: Learning spherical representations for detection and classification in omnidirectional images},
	author={Coors, Benjamin and Paul Condurache, Alexandru and Geiger, Andreas},
	booktitle={Proceedings of the European Conference on Computer Vision (ECCV)},
	pages={518--533},
	year={2018}
}


@Misc{gnomonicprojection,
	author       = {Eric Weisstein},
	title        = {Gnomonic Projection},
	howpublished = {\url{https://mathworld.wolfram.com/}},
	_url          = {https://mathworld.wolfram.com/GnomonicProjection.html},
}
